@book{sakurai2020modern,
  title={Modern Quantum Mechanics. 3-nd edition},
  author={Sakurai, J and Napolitano, J},
  publisher={Cambridge University Press},
  year={2021}
}
